@book{tddembeddedc,
  title={Test Driven Development for Embedded C},
  author={Grenning, James W.},
  year={2011},
  publisher={Pragmatic bookshelf}
}

@book{ganssle2008art,
  title={The art of designing embedded systems},
  author={Ganssle, Jack},
  year={2008},
  publisher={Newnes}
}

@book{beningo2017reusable,
  title={Reusable Firmware Development},
  author={Beningo, Jacob},
  year={2017},
  publisher={Springer}
}

@article{firmwarecost,
  title={Editorial: custo do firmware},
  author={Embarcados},
  url={https://www.embarcados.com.br/editorial-custo-do-firmware/},
  year={2015},
  urlaccessdate={26.02.2021}
}

@article{eetimes,
  title={Embedded processors by the numbers},
  author={Turley, Jim},
  url={https://www.eetimes.com/embedded-processors-by-the-numbers},
  year={1999},
  publisher={EETimes}
}

@book{ganssle2004firmware,
  title={The firmware handbook},
  author={Ganssle, Jack},
  year={2004},
  publisher={Elsevier}
}

@book{masteringstm32,
  title={Mastering STM32: A step-by-step guide to the most complete ARM Cortex-M platform, using a free and powerful development environment based on Eclipse and GCC},
  author={Noviello, Carmine},
  year={2018},
  publisher={Lean Publishing},
}

@book{martin2002agile,
  title={Agile software development: principles, patterns, and practices},
  author={Martin, Robert C},
  year={2002},
  publisher={Prentice Hall}
}

@book{martin2009clean,
  title={Clean code: a handbook of agile software craftsmanship},
  author={Martin, Robert C},
  year={2009},
  publisher={Pearson Education}
}

@book{martin2018clean,
  title={Clean architecture: a craftsman's guide to software structure and design},
  author={Martin, Robert C},
  year={2018},
  publisher={Prentice Hall}
}

@book{denardin2019sistemas,
  title={Sistemas operacionais de tempo real e sua aplica{\c{c}}{\~a}o em sistemas embarcados},
  author={Denardin, Gustavo Weber and Barriquello, Carlos Henrique},
  year={2019},
  publisher={Editora Blucher}
}

@inproceedings{gomes2016uttos,
  title={UTToS: A Tool for Testing UEFI Code in oS Environment},
  author={Gomes, Eder CM and Amora, Paulo RP and Teixeira, Elvis M and Lima, Antonio GS and Brito, Felipe T and Ciocari, Juliano FC and Machado, Javam C},
  booktitle={IFIP International Conference on Testing Software and Systems},
  pages={218--224},
  year={2016},
  organization={Springer}
}

@article{barry2008freertos,
  title={FreeRTOS},
  author={Barry, Richard and others},
  journal={Internet, Oct},
  year={2008}
}

@article{zhu2016understanding,
  title={Understanding FreeRTOS: A requirement analysis},
  author={Zhu, Ming-Yuan},
  journal={CoreTek Syst., Inc., Beijing, China, Tech. Rep},
  year={2016}
}

@article{gridling2007introduction,
  title={Introduction to microcontrollers},
  author={Gridling, Gunther and Weiss, Bettina},
  journal={Vienna University of Technology Institute of Computer Engineering Embedded Computing Systems Group},
  year={2007}
}

@book{contan2018test,
  title={Test automation pyramid from theory to practice},
  author={A. Contan and C. Dehelean and L. Miclea},
  booktitle={2018 IEEE International Conference on Automation, Quality and Testing, Robotics (AQTR)},  
  year={2018},
  doi={10.1109/AQTR.2018.8402699}
}

@book{Moderncontrolengineering,
  title={Modern control engineering},
  author={Ogata, Katsuhiko},
  year={2010},
  publisher={Prentice Hall}
}

@article{terzicbasic,
  title={BASIC INPUT/OUTPUT SYSTEM BIOS FUNCTIONS AND MODIFICATIONS},
  author={Terzi{\'c}, Aida and Akelji{\'c}, Bekir},
  journal={International University Travnik}
}

