
@article{firmware-cost,
  title={Editorial: custo do firmware},
  author={EMBARCADOS},
  url={https://www.embarcados.com.br/editorial-custo-do-firmware/},
  year={2015},
  publisher={Embarcados}
}


@article{eetimes,
  title={Embedded processors by the numbers},
  author={TURLEY, JIM},
  url={https://www.eetimes.com/embedded-processors-by-the-numbers},
  year={1999},
  publisher={EETimes}
}

%%%%%%%%%%%%%%%%%%%%%%%%%%%%%%%%%%%%%%%%%%%%%%%%%%%%%%%%%%%%%%%%%%%%

@article{sistemasdecontrole,
  title={Sistemas de controle},
  author={WIKIPEDIA},
  url={https://pt.wikipedia.org/wiki/Sistema_de_controle},
  year={2020},
  publisher={Wikipedia}
}

@article{controlepid,
  title={Controlador proporcional integral derivativo},
  author={WIKIPEDIA},
  url={https://pt.wikipedia.org/wiki/Controlador_proporcional_integral_derivativo},
  year={2020},
  publisher={Wikipedia}
}

@book{Moderncontrolengineering,
  title={Modern control engineering},
  author={OGATA, KATSUHIKO},
  year={2010},
  publisher={Prentice Hall}
}

@book{masteringstm32,
  title={Mastering STM32},
  author={CARMINE, NOVIELLO},
  url={http://leanpub.com/mastering-stm32},
  year={2018},
  publisher={Lean Publishing}
}

@article{control_systems_introduction,
  title={Control system introduction},
  author={TUTORIALS POINT},
  url={https://www.tutorialspoint.com/control_systems/control_systems_introduction},
  year={2018},
  publisher={Tutorials point}
}

@article{architecturemicrocontroller,
  title={Architecture of a Typical Microcontroller},
  author={CIRCUIT GEEK},
  url={https://scienceprog.com/architecture-of-a-typical-microcontroller/},
  year={2020},
  publisher={Science Prog}
}

@article{objetivocontrolesistemas,
  title={Objetivo do controle de sistemas},
  author={MATSUURA, JACKSON PAUL},
  url={https://www.coursera.org/learn/controle/lecture/Ndond/objetivo-do-controle-de-sistemas},
  year={2020},
  publisher={Instituto Tecnológico de Aeronáutica}
}

@article{maquinacc,
  title={Máquina de corrente contínua},
  author={WIKIPEDIA},
  url={"https://pt.wikipedia.org/wiki/M%C3%A1quina_de_corrente_cont%C3%ADnua/"},
  year={2020},
  publisher={Wikipedia}
}

@article{motorcc,
  title={Motor CC: Saiba como Funciona e de que forma Especificar},
  author={CITI SYSTEMS},
  url={https://www.citisystems.com.br/motor-cc/},
  year={2020},
  publisher={Citi systems}
}

@article{motores,
  title={Motores Elétricos},
  author={C2O},
  url={http://www.c2o.pro.br/automacao/apk.html},
  year={2020},
  publisher={C2O}
}

@article{encoder,
  title={O que é Encoder? Para que serve? Como escolher? Como interfacear?},
  author={HI TECNLOGIA},
  url={https://www.hitecnologia.com.br/blog/o-que-%C3%A9-encoder-para-que-serve-como-escolher-como-interfacear/},
  year={2020},
  publisher={HI Tecnologia}
}

@article{campoeletrico,
  title={Campo elétrico},
  author={WIKIPEDIA},
  url={https://pt.wikipedia.org/wiki/Campo_el%C3%A9trico},
  year={2020},
  publisher={Wikipedia}
}

@article{lowpass,
  title={Low pass filter},
  author={WIKIPEDIA},
  url={https://en.wikipedia.org/wiki/Low-pass_filter},
  year={2020},
  publisher={Wikipedia}
}